
<record>
  <controlfield tag="001">700998</controlfield>
  <datafield tag="024" ind1="7" ind2=" ">
    <subfield code="a">10.1140/epjc/s2005-02304-0</subfield>
    <subfield code="2">DOI</subfield>
  </datafield>
  <datafield tag="035" ind1=" " ind2=" ">
    <subfield code="z">Calderon de la Barca Sanchez:2005yp</subfield>
    <subfield code="9">SPIRESTeX</subfield>
  </datafield>
  <datafield tag="035" ind1=" " ind2=" ">
    <subfield code="a">CalderondelaBarcaSanchez:2005gho</subfield>
    <subfield code="9">INSPIRETeX</subfield>
  </datafield>
  <datafield tag="245" ind1=" " ind2=" ">
    <subfield code="a">Open charm production from d + Au collisions in STAR</subfield>
  </datafield>
  <datafield tag="710" ind1=" " ind2=" ">
    <subfield code="g">STAR</subfield>
  </datafield>
</record>